@Inbook{Bull1992,
author="Bull, J. M. and Freeman, T. L.",
editor="Boug{\'e}, Luc and Cosnard, Michel and Robert, Yves and Trystram, Denis",
chapter="Numerical performance of an asynchronous Jacobi iteration",
title="Parallel Processing: CONPAR 92---VAPP V: Second Joint International Conference on Vector and Parallel Processing Lyon, France, September 1--4, 1992 Proceedings",
year="1992",
publisher="Springer Berlin Heidelberg",
address="Berlin, Heidelberg",
pages="361--366",
isbn="978-3-540-47306-0",
doi="10.1007/3-540-55895-0_431",
url="http://dx.doi.org/10.1007/3-540-55895-0_431"
}

@book{trefethen97,
  added-at = {2010-09-19T02:35:23.000+0200},
  author = {Trefethen, Lloyd N. and Bau, David},
  biburl = {http://www.bibsonomy.org/bibtex/2e45a2ed5ccc6dc12721cde613217c222/ytyoun},
  interhash = {1e7e7a44cbff3092be50a71fe056c8ec},
  intrahash = {e45a2ed5ccc6dc12721cde613217c222},
  isbn = {0898713617},
  keywords = {eigenvalues linear.algebra matrix numerical secular.equation textbook},
  publisher = {SIAM},
  timestamp = {2015-07-29T07:31:33.000+0200},
  title = {Numerical Linear Algebra},
  year = 1997
}

@article{Henshaw2001,
 author = {Henshaw W. D. and Petersson N. A.},
 title = {A Split-Step Scheme for the Incompressible Navier-Stokes Equations},
 issue_date = {October 29, 2001},
 year = {2001},
 url = {http://www.overtureframework.org/publications/henshawPetersson2001.pdf},
 publisher = {Centre for Applied Scientific Computing, Lawrence Livermore National Laboratory},
 address = {Livermore, CA, 94551}
} 

@article{Baudet1978,
 author = {Baudet, G{\'e}rard M.},
 title = {Asynchronous Iterative Methods for Multiprocessors},
 journal = {J. ACM},
 issue_date = {April 1978},
 volume = {25},
 number = {2},
 month = apr,
 year = {1978},
 issn = {0004-5411},
 pages = {226--244},
 numpages = {19},
 url = {http://doi.acm.org/10.1145/322063.322067},
 doi = {10.1145/322063.322067},
 acmid = {322067},
 publisher = {ACM},
 address = {New York, NY, USA},
} 

@misc{BGQ2012,
author="Wisniewski, R. W.",
title="BlueGene/Q: Architecture, CoDesign; Path to Exascale",
year="2012",
publisher="IBM Corporation",
url="http://www.cs.rpi.edu/~chrisc/COURSES/PARALLEL/SPRING-2016/slides/bgq-intro.pdf"
}

@misc{MPI2012,
author="Barney, B. (2012)",
title="MPI Performance Topics",
year="2012",
publisher="Lawrence Livermore National Laboratory",
url="https://computing.llnl.gov/tutorials/mpi_performance/#Buffering"
}


@misc{IBM2013,
author="Gilge, M. (2013)",
title="IBM System Blue Gene Solution Blue Gene/Q Application Development",
year="2013",
publisher="IBM Corporation",
url="http://www.redbooks.ibm.com/redbooks/pdfs/sg247948.pdf"
}
